<?xml version="1.0" encoding="UTF-8"?><collection xmlns="http://www.loc.gov/MARC21/slim"><record><leader>00403nam--2200121-i-4500</leader><controlfield tag="001">000044654</controlfield><controlfield tag="002">20161230</controlfield><controlfield tag="005">20161230201044</controlfield><controlfield tag="008">060222s1000------------r-----000-0-eng-d</controlfield><datafield ind1=" " ind2=" " tag="100"><subfield code="a">Thoemelin, Robert Et J.Favier</subfield></datafield><datafield ind1=" " ind2=" " tag="245"><subfield code="a">La mecanographie. machines a calculer. machines comptables. machines a cartes perforees, electroniques et electromecaniques</subfield></datafield><datafield ind1=" " ind2=" " tag="260"><subfield code="a">Paris, Montligeon, 1956, 294p</subfield></datafield><datafield ind1=" " ind2=" " tag="852"><subfield code="a">12996</subfield></datafield></record></collection>